@article{avl_tree,
  author       = {Adelson-Velskii, G. M. and Landis, E. M.},
  fjournal     = {Doklady Akademii Nauk SSSR},
  issn         = {0002-3264},
  journal = {Dokl. Akad. Nauk SSSR},
  mrclass      = {94.20},
  mrnumber     = {0156719},
  pages        = {263--266},
  title        = {An algorithm for organization of information},
  volume       = {146},
  year         = {1962},
}

@article{knott,
author = {Knott, G. D.},
doi = {10.1093/comjnl/18.3.265},
issn = {0010-4620},
journal = {The Computer Journal},
mendeley-groups = {Thesis},
number = {3},
pages = {265--278},
title = {{Hashing functions}},
url = {http://comjnl.oxfordjournals.org/content/18/3/265.short?rss=1\&ssource=mfr},
volume = {18},
year = {1975}
}


@book{cormen,
  author    = {Cormen, Thomas H. and Leiserson, Charles E. and Rivest, Ronald L. and Stein, Clifford},
  edition   = {3rd},
  isbn      = {9780262033848},
  publisher = {The MIT Press},
  title     = {Introduction to Algorithms, Third Edition},
  year      = {2009},
}

@book{knuth3,
 author = {Knuth, Donald E.},
 title = {The Art of Computer Programming,  Volume 3: (2Nd Ed.) Sorting and Searching},
 year = {1998},
 isbn = {0-201-89685-0},
 publisher = {Addison Wesley Longman Publishing Co., Inc.},
 address = {Redwood City, CA, USA},
}

@article{champ,
  author   = {Tamir, Orr and Morrison, Adam and Rinetzky, Noam},
  doi      = {10.4230/LIPIcs.OPODIS.2015.186},
  keywords = {4230,and phrases priority queues,changekey,concurrent data structures,digital object identifier 10,dijkstra,lipics,p,s,single-source shortest path algorithm,xxx,yyy},
  pages    = {1--16},
  title    = {{A Heap-Based Concurrent Priority Queue with Mutable Priorities for Faster Parallel Algorithms}},
  url      = {http://www.cs.tau.ac.il/~mad/publications/opodis2015-heap.pdf},
  volume   = {i},
  year = {1998},
  journal = {19th International Conference On Principles Of Distributed Systems}
}

@book{sedgewick,
  author    = {Sedgewick, Robert and Wayne, Kevin},
  edition   = {4},
  isbn      = {9780321573513},
  publisher = {Addison-Wesley},
  title     = {{Algorithms}},
  year      = {2011},
}

@misc{lfu,
  author = {Shah, Ketan and Mitra, Anirban and Matani, Dhruv},
  pages  = {1--8},
  title  = {{An (1) algorithm for implementing the LFU cache eviction scheme}},
  url    = {http://dhruvbird.com/lfu.pdf},
  year   = {2010},
  note   = {visited on 2017-05-03},
}

@article{concurrent_heap1,
  author       = {Hunt, Galen C. and Michael, Maged M. and Parthasarathy, Srinivasan and Scott, Michael L.},
  journal = {Information Processing Letters},
  pages        = {151--157},
  title        = {{An Efficient Algorithm for Concurrent Priority Queue Heaps}},
  url          = {http://www.research.ibm.com/people/m/michael/ipl-1996.pdf},
  volume       = {60},
  year         = {1996},
}

@misc{boost,
  author  = {Boost},
  title   = {{Boost C++ Libraries}},
  url     = {http://www.boost.org/},
  note    = {visited on 2017-05-03},
  year    = {2017},
}

@misc{cb_tree,
  author      = {Korenfeld, Boris},
  institution = {Tel Aviv University},
  title       = {CBTree: A practical concurrent self-adjusting search tree},
  url         = {http://link.springer.com/chapter/10.1007/978-3-642-33651-5\_1},
  year        = {2012},
  note        = {visited on 2017-05-03},
}

@misc{ccherish,
  author = {Mašat, Miroslav},
  title  = {{CCherish}},
  url    = {https://github.com/tyrhus/CCherish},
  year   = {2016},
  note   = {visited on 2017-05-03},
}

@misc{complete_bt,
  author    = {Black, Paul E.},
  booktitle = {Dictionary of Algorithms and Data Structures [online]},
  title     = {complete binary tree},
  url       = {https://xlinux.nist.gov/dads/HTML/completeBinaryTree.html},
  year      = {2016},
  note      = {visited on 2017-05-03},
}

@article{crtp,
  author       = {Coplien, J},
  isbn         = {0201533936},
  issn         = {1040-6042},
  journal      = {C++ Report},
  number       = {February},
  volume       = {1},
  pages        = {24--27},
  title        = {{Curiously Recurring Template Patterns}},
  year         = {1995},
}

@misc{std_hash,
  author  = {{Free Software Foundation}, Inc.},
  title   = {libstdc++: functional\_hash.h},
  url     = {https://gcc.gnu.org/onlinedocs/gcc-6.2.0/libstdc++/api/a01298\_source.html},
  note    = {visited on 2017-05-03},
}

@misc{murmurhash,
  author = {Appleby, Austin},
  title  = {{MurmurHash}},
  url    = {https://github.com/aappleby/smhasher},
  note   = {visited on 2017-05-03},
}

@misc{masat,
  author        = {Mašat, Miroslav},
  institution   = {Czech Technical University in Prague},
  title         = {{Numerical Database System}},
  url           = {https://dspace.cvut.cz/handle/10467/65871},
  note          = {Bachelor’s thesis. Czech Technical University in Prague, Faculty of Information Technology, 2016.},
}

@article{park94,
  author       = {Park, S. C. and Bahri, C. and Draayer, J. P. and Zheng, S. Q.},
  doi          = {10.1016/0010-4655(94)90172-4},
  issn         = {00104655},
  journal      = {Computer Physics Communications},
  keywords     = {avl tree,binary tree,heap,weighted search tree},
  number       = {2-3},
  pages        = {247--264},
  title        = {{Numerical database system based on a weighted search tree}},
  volume       = {82},
  year         = {1994},
}

@article{partial_splaying,
  author       = {Klostermeyer, William F},
  doi          = {10.1080/02522667.1992.10699094},
  issn         = {0252-2667},
  journal = {J. Information and Optimization Sciences},
  month        = {jan},
  number       = {1},
  pages        = {85--95},
  publisher    = {Taylor {\&} Francis Group},
  title        = {{Optimizing searching with self-adjusting trees}},
  url          = {http://www.tandfonline.com/doi/abs/10.1080/02522667.1992.10699094},
  volume       = {13},
  year         = {1992},
}

@misc{splay_overview,
  author = {Huus, Evan},
  pages  = {1--15},
  title  = {{Reduced Restructuring in Splay Trees}},
  year   = {2014},
  url    = {https://eapache.github.io/assets/Huus2014_SplayTrees.pdf},
  note   = {visited on 2017-05-03},
}

@article{splay_tree,
  author       = {Sleator, Daniel Dominic and Tarjan, Robert Endre},
  doi          = {10.1145/3828.3835},
  issn         = {0004-5411},
  journal      = {Journal of the ACM},
  number       = {3},
  pages        = {652--686},
  title        = {{Self-adjusting Binary Search Trees}},
  url          = {http://doi.acm.org/10.1145/3828.3835},
  volume       = {32},
  year         = {1985},
}

@misc{sizeof_empty,
  author  = {Stroustrup, Bjarne},
  title   = {{Stroustrup: C++ Style and Technique FAQ}},
  url     = {http://www.stroustrup.com/bs\_faq2.html\#sizeof-empty},
  note    = {visited on 2017-05-03},
  year    = {2013},
}

@article{ebo,
  author       = {Myers, Nathan C.},
  journal      = {Dr. Dobb's Journal},
  number       = {C++ Issue},
  volume       = {1},
  title        = {{The "Empty Member" C++ Optimization}},
  url          = {http://www.cantrip.org/emptyopt.html},
  note         = {visited on 2017-05-03},
  year         = {1997},
}

@article{park90,
  author       = {Park, S. C. and Draayer, J. P. and Zheng, S. Q.},
  journal = {Proc. Int. Computer Symposium},
  pages        = {333--338},
  title        = {{Time-Space Optimal Numerical Database for Large-Scale Scientific Applications}},
  url          = {http://www.phys.lsu.edu/draayerpubs/Conference Proceedings/Time-Space Optimal Numerical Database for Large-Scale Scientific Applications.pdf},
  year         = {1990},
}

@misc{wstree,
  author = {Park, S. C. and Draayer, J. P. and Zheng, S. Q. and Bahri, C.},
  title  = {{WSTREE}},
  url    = {http://cpc.cs.qub.ac.uk/summaries/ACTZ\_v1\_0.html},
  note   = {visited on 2017-05-03},
  year   = {1994},
}

